% This file was created with Citavi 6.10.0.73

@online{O1,
	author = {},
	title = {Eigene Darstellung},
	url = {},
	urldate = {},
	shorthand = {ED}
}

@online{O2,
	author = {Olga Weis},
	title = {Was ist ein COM-Port?-die wichtigsten FAQs zur seriellen Schnittstelle},
	url = {https://www.serial-over-ethernet.com/de/serial-to-ethernet-guide/what-is-com-port/#port},
	urldate = {2022-04-16},
	shorthand = {Olg22}
}

@online{O3,
	author = {oopsmonk},
	title = {IOTA Client Software Development Kit(SDK) for ESP32},
	url = {https://github.com/oopsmonk/esp32-client-sdk},
	urldate = {2022-04-29},
	shorthand = {Ops22}
}

@book{Book1,
	title = {Kryptowährungen: Vom Einsteiger zum Krypto Profi},
	author = {Raphael Engel, Dr. Cordelia Eule},
	address = {Schulhausgässli 4 3098 Köniz Schweiz},
	publisher = {Sales Angels Verlag},
	year = 2021,
	isbn = {9783907354032},
	language = {german},
	shorthand = {Eng21}
}
